<record><leader>00000cas a22000007a 4500</leader><controlfield tag="001">12900481</controlfield><controlfield tag="008">851212d19291930inudn ne      0    0eng d</controlfield><datafield ind1=" " ind2=" " tag="010"><subfield code="a">sn 85047829 </subfield></datafield><datafield ind1=" " ind2=" " tag="040"><subfield code="a">NPI</subfield><subfield code="b">eng</subfield><subfield code="c">NPI</subfield><subfield code="d">IUL</subfield><subfield code="d">OCLCQ</subfield><subfield code="d">IUL</subfield><subfield code="d">OCLCF</subfield><subfield code="d">OCLCO</subfield></datafield><datafield ind1="1" ind2=" " tag="029"><subfield code="a">AU@</subfield><subfield code="b">000022973159</subfield></datafield><datafield ind1=" " ind2=" " tag="042"><subfield code="a">msc</subfield></datafield><datafield ind1=" " ind2=" " tag="043"><subfield code="a">n-us-in</subfield></datafield><datafield ind1="0" ind2=" " tag="130"><subfield code="a">Kokomo tribune (Kokomo, Ind. : 1929 : Daily)</subfield></datafield><datafield ind1="1" ind2="4" tag="245"><subfield code="a">The Kokomo tribune.</subfield></datafield><datafield ind1=" " ind2=" " tag="260"><subfield code="a">Kokomo, Ind. :</subfield><subfield code="b">J.A. Kautz,</subfield><subfield code="c">1929-1930.</subfield></datafield><datafield ind1=" " ind2=" " tag="310"><subfield code="a">Daily (except Sun.)</subfield></datafield><datafield ind1="0" ind2=" " tag="362"><subfield code="a">Vol. 46, no. 257 (July 24, 1929)-v. 47, no. 213 (May 31, 1930).</subfield></datafield><datafield ind1=" " ind2=" " tag="580"><subfield code="a">Merged with: Kokomo dispatch (Kokomo, Ind. : Daily : 1920); to form: Kokomo tribune, the Kokomo dispatch.</subfield></datafield><datafield ind1=" " ind2="0" tag="651"><subfield code="a">Kokomo (Ind.)</subfield><subfield code="v">Newspapers.</subfield></datafield><datafield ind1=" " ind2="7" tag="655"><subfield code="a">Newspapers.</subfield><subfield code="2">fast</subfield><subfield code="0">(OCoLC)fst01423814</subfield></datafield><datafield ind1=" " ind2="7" tag="651"><subfield code="a">Indiana</subfield><subfield code="z">Kokomo.</subfield><subfield code="2">fast</subfield><subfield code="0">(OCoLC)fst01212580</subfield></datafield><datafield ind1=" " ind2=" " tag="752"><subfield code="a">United States</subfield><subfield code="b">Indiana</subfield><subfield code="c">Howard</subfield><subfield code="d">Kokomo.</subfield></datafield><datafield ind1="0" ind2="0" tag="780"><subfield code="t">Kokomo daily tribune (Kokomo, Ind. : 1893)</subfield><subfield code="w">(DLC)sn 85047828</subfield><subfield code="w">(OCoLC)12900438</subfield></datafield><datafield ind1="1" ind2="7" tag="785"><subfield code="t">Kokomo dispatch (Kokomo, Ind. : 1920 : Daily)</subfield><subfield code="w">(DLC)sn 87055685</subfield><subfield code="w">(OCoLC)15345221</subfield></datafield><datafield ind1="1" ind2="7" tag="785"><subfield code="t">Kokomo tribune, the Kokomo dispatch</subfield><subfield code="w">(DLC)sn 82015312</subfield><subfield code="w">(OCoLC)8807835</subfield></datafield></record>